@misc{anastasiou2022steins,
      title={Stein's Method Meets Computational Statistics: A Review of Some Recent Developments}, 
      author={Andreas Anastasiou and Alessandro Barp and Fran√ßois-Xavier Briol and Bruno Ebner and Robert E. Gaunt and Fatemeh Ghaderinezhad and Jackson Gorham and Arthur Gretton and Christophe Ley and Qiang Liu and Lester Mackey and Chris. J. Oates and Gesine Reinert and Yvik Swan},
      year={2022},
      eprint={2105.03481},
      archivePrefix={arXiv},
      primaryClass={stat.ME}
}

@inproceedings{stein1972bound,
  title={A bound for the error in the normal approximation to the distribution of a sum of dependent random variables},
  author={Stein, Charles},
  booktitle={Proceedings of the Sixth Berkeley Symposium on Mathematical Statistics and Probability, Volume 2: Probability Theory},
  volume={6},
  pages={583--603},
  year={1972},
  organization={University of California Press}
}

@article{stein1986,
 ISSN = {07492170},
 URL = {http://www.jstor.org/stable/4355512},
 author = {Charles Stein},
 journal = {Lecture Notes-Monograph Series},
 pages = {i--164},
 publisher = {Institute of Mathematical Statistics},
 title = {Approximate Computation of Expectations},
 urldate = {2024-01-04},
 volume = {7},
 year = {1986}
}

