@book{DiestelReinhard2017GT,
abstract = {The fourth edition of this standard textbook of modern graph theory has been revised, updated, and substantially extended. Covering all major recent developments, it can be used both as a reliable textbook for an introductory course and as a graduate text.},
author = {Diestel, Reinhard},
address = {Berlin, Heidelberg},
copyright = {Reinhard Diestel 2017},
edition = {5},
isbn = {3662536226},
issn = {0072-5285},
keywords = {Combinatorics ; Graph theory ; Graphentheorie ; Math Applications in Computer Science ; Mathematics ; Mathematics and Statistics ; Probabilities & applied mathematics},
language = {eng},
publisher = {Springer Nature},
series = {Graduate Texts in Mathematics},
title = {Graph Theory},
volume = {173},
year = {2017},
}
