@misc{anastasiou2022steins,
      title={Stein's Method Meets Computational Statistics: A Review of Some Recent Developments}, 
      author={Andreas Anastasiou and Alessandro Barp and Fran√ßois-Xavier Briol and Bruno Ebner and Robert E. Gaunt and Fatemeh Ghaderinezhad and Jackson Gorham and Arthur Gretton and Christophe Ley and Qiang Liu and Lester Mackey and Chris. J. Oates and Gesine Reinert and Yvik Swan},
      year={2022},
      eprint={2105.03481},
      archivePrefix={arXiv},
      primaryClass={stat.ME}
}