    @misc{krivelevich2012phase,
      title={The phase transition in random graphs - a simple proof}, 
      author={Michael Krivelevich and Benny Sudakov},
      year={2012},
      eprint={1201.6529},
      archivePrefix={arXiv},
      primaryClass={math.CO}
}